<?xml version="1.0" encoding="UTF-8"?><collection xmlns="http://www.loc.gov/MARC21/slim"><record><leader>00459nam--2200157-i-4500</leader><controlfield tag="001">000043143</controlfield><controlfield tag="002">20161230</controlfield><controlfield tag="005">20170101235618</controlfield><controlfield tag="008">060222s1000------------r-----000-0-eng-d</controlfield><datafield ind1=" " ind2=" " tag="080"><subfield code="a">539.12.01:524.8(061.3)</subfield></datafield><datafield ind1=" " ind2=" " tag="245"><subfield code="a">Superstrings, unified theories and cosmology</subfield></datafield><datafield ind1=" " ind2=" " tag="260"><subfield code="a">Singapore, World Scientific, 1987. Viii + 454 P</subfield></datafield><datafield ind1=" " ind2=" " tag="490"><subfield code="a">The Ictp Series In Theoretical Physics</subfield></datafield><datafield ind1=" " ind2=" " tag="700"><subfield code="a">Furlan, George</subfield></datafield><datafield ind1=" " ind2=" " tag="852"><subfield code="a">72212</subfield></datafield><datafield ind1=" " ind2=" " tag="CAT"><subfield code="a">SYS</subfield><subfield code="c">20170101</subfield><subfield code="h">235618</subfield></datafield></record></collection>